4272 5566
426 400 530 474 Kone
559 400 749 476 umarus
775 421 840 474 ocu
865 400 1005 474 Ficana.
1432 408 1521 480 1331

1101 536 1522 548 *—

163 665 256 726 iones
279 679 298 726 a
321 681 358 728 ee
382 667 457 744 ipso
482 683 546 727 non
568 667 742 746 perlectam,
765 669 862 738 mittit,
887 668 1070 741 existimans,
1093 683 1161 729 eum
1184 669 1270 728 incita
1290 668 1521 746 dijudicaturum
1596 571 1685 634 1639·

163 765 240 825 anda
262 770 293 825 et
318 781 391 840 quea
416 766 590 826 omittenda
612 767 683 825 sint.
702 797 739 810 -·
763 765 926 837 Lebdioim,
950 767 995 826 tx.
1020 769 1092 839 bug.
1131 775 1232 824 Ιοιιηιι
1250 775 1331 838 open
1349 775 1387 824 itt.
1405 773 1462 826 ote.

206 865 406 926 &manuus
425 866 585 926 Jonaruus
602 866 797 926 &eruamus
814 865 978 925 Gerardum
994 865 1138 924 somnam
1152 867 1301 943 voseium,
1324 871 1355 927 ut
1378 869 1518 928 escusio·
1555 866 1578 916 9·
1598 869 1714 928 regum.

163 965 209 1026 sui
239 964 374 1024 Fabiani
404 969 533 1038 urgeat,
568 971 654 1039 rogat
680 965 872 1039 nuntiatque,
906 963 1052 1022 Saxonum
1081 964 1159 1022 circu
1189 979 1239 1024 ver
1266 967 1421 1040 sequentis
1449 967 1520 1026 enni

163 1079 246 1124 esau.
272 1095 312 1106 -
339 1063 438 1133 Sm,
462 1063 499 1121 V.
523 1061 566 1122 ld.
589 1063 727 1135 angusti.
771 1069 825 1120 (ier.
844 1071 914 1118 toan.
933 1067 1014 1118 Vosstt
1033 1067 1152 1130 aptsrots
1172 1069 1198 1117 ii.
1217 1069 1338 1122 uua—09.

202 1181 378 1240 donasses
409 1177 620 1252 Penunsnrm,
654 1179 846 1252 Sognepraest
877 1177 886 1234 i
918 1177 1136 1254 RingiJ'abing,
1169 1177 1320 1236 meddeler
1353 1180 1426 1238 eiter
1455 1181 1518 1255 Op·
1553 1178 1575 1228 9·
1595 1177 1711 1238 unguen.

163 1295 274 1356 oppen
299 1280 309 1337 i
335 1277 420 1338 Ribe
445 1277 549 1336 denne
572 1293 610 1335 en
633 1275 819 1334 Bcskrireise
847 1277 879 1334 ai
903 1291 939 1332 en
962 1275 1033 1350 iiaj,
1070 1275 1210 1348 {tangens
1233 1277 1288 1352 Hej
1317 1277 1430 1352 iatdet,
1463 1279 1517 1337 red

163 1379 245 1438 tiken
272 1379 338 1438 ban
365 1392 499 1436 enarare
523 1382 649 1448 amager
670 1373 717 1434 ior
738 1390 775 1434 an
793 1373 919 1450 GravhaJ
943 1374 1000 1433 end
1022 1375 1069 1434 ior
1085 1375 1121 1433 de
1139 1375 1235 1447 garnie
1254 1373 1516 1448 danskeiiongers

163 1515 169 1522 ·=
197 1478 231 1541 9.
257 1479 343 1551 nug.
392 1482 502 1531 naneae
521 1481 600 1531 samu.
621 1479 644 1532 a.
661 1481 688 1530 u.
708 1479 745 1528 rv,
763 1478 868 1531 ea-eu.

200 1595 358 1654 Buoours
373 1593 494 1651 Gnoru
519 1587 557 1648 ad
582 1588 764 1648 Ludovicum
787 1589 999 1664 Camerarium,
1022 1589 1131 1660 regium
1154 1591 1263 1650 Svecim
1286 1589 1364 1666 apud
1388 1590 1518 1652 Ordines
1559 1585 1597 1639 1⁰·
1621 1587 1736 1648 incutit

182 1695 352 1768 legatum,
385 1689 540 1768 epistola,
574 1689 605 1745 in
634 1703 693 1762 qua
719 1703 780 1746 non
809 1686 918 1758 credit,
947 1687 1126 1762 sperandum
1155 1704 1238 1762 esse,
1267 1690 1393 1749 Batavos
1415 1706 1432 1748 a
1454 1706 1523 1764 rege

163 1811 187 1855 :e
215 1787 315 1870 &qua
347 1793 576 1867 impetraturos
607 1802 684 1846 esee
711 1817 748 1828 -
772 1785 901 1858 Lutetiae,
932 1783 980 1846 20.
1003 1787 1138 1860 Augusti.
1182 1793 1387 1856 desecuerant
1403 1795 1523 1857 epistota

196 1991 362 2053 Hucours
383 1989 504 2047 Gnorrr
528 1983 565 2044 ed
588 1981 773 2042 Ludovicum
796 1983 1007 2060 camerarium,
1030 1983 1139 2058 regium
1163 1983 1273 2044 Sveeie
1296 1983 1374 2062 apud
1393 1983 1522 2046 Ordines
1556 1979 1595 2032 1⁷·
1620 1981 1735 2042 Augusti.

178 2093 354 2166 legatum,
381 2084 536 2162 epistola,
566 2084 597 2140 in
622 2098 681 2156 qua
703 2085 932 2155 commemorat,
960 2081 1059 2140 ioedus
1082 2083 1159 2141 inter
1181 2083 1317 2155 dugiiem
1339 2083 1523 2161 [laniumque

170 2239 180 2274 ,
224 2197 262 2254 et
293 2189 538 2250 increscentem
566 2181 732 2258 potentiam
755 2179 898 2238 Danicam
926 2181 956 2238 iu
978 2181 1051 2240 mari
1073 2181 1268 2256 maximisque
1290 2183 1428 2242 amnibus
1450 2185 1523 2244 rici.

163 2293 313 2354 ”imm
338 2288 461 2346 same·
479 2315 513 2326 “·
528 2281 659 2354 mma
684 2275 731 2358 Η·
744 2278 880 2350 Augusti.
919 2283 1031 2348 tingente
1050 2285 1130 2336 Gratti
1148 2286 1267 2348 Epictetus
1285 2286 1350 2340 luat
1368 2289 1523 2342 subs-57.

195 2391 365 2452 Huconrs
397 2385 517 2446 Gnorn
551 2379 588 2440 ad
618 2377 750 2438 tretium
779 2376 1021 2452 Osenstjernem,
1053 2379 1137 2450 regni
1166 2379 1276 2439 suecia
1304 2381 1524 2459 cancellarium,
1558 2373 1597 2427 1⁷·
1623 2375 1737 2438 tagum.

173 2491 300 2560 refert,
326 2483 454 2558 Angiim
479 2477 582 2538 imdus
606 2493 676 2536 cum
699 2475 792 2534 lienis
815 2479 986 2534 renovatum
1009 2491 1087 2547 esee,
1110 2477 1196 2552 quala
1218 2479 1344 2540 antehac
1366 2481 1464 2542 fucrit.
1490 2513 1521 2524 ..

163 2591 256 2654 usti.
309 2590 440 2652 lingonis
460 2585 543 2634 Grotti
561 2579 683 2644 Epistulas
701 2578 766 2630 1687
785 2579 809 2628 S.
827 2578 948 2631 bbb-be,

193 2691 381 2752 Jonsnms
401 2681 563 2740 caoeovu
586 2673 623 2734 ad
647 2669 803 2732 Claudiurn
821 2671 997 2732 salmasium
1020 2675 1156 2750 epistota,
1178 2677 1208 2736 in
1224 2691 1286 2750 ¹qua
1302 2683 1526 2752 commemorat,
1559 2685 1598 2738 28.
1621 2687 1737 2748 sugunt.

178 2793 255 2852 iter
283 2784 327 2848 ad
351 2797 430 2844 eum
453 2774 611 2836 aiiectanti
633 2772 746 2830 litteras
769 2768 898 2830 dedisse.
922 2801 960 2812 -
982 2771 1117 2846 Lmrdiai,
1142 2773 1176 2834 Χ.
1198 2773 1261 2834 liat.
1284 2775 1433 2850 Septemb.
1457 2776 1525 2836 seito

164 2910 244 2956 nus.
273 2890 390 2953 Sylloge
409 2881 585 2947 epistolarum
604 2877 631 2926 ΙΙ.
649 2875 706 2928 cet.

190 2991 369 3052 Eucaerus
395 2980 515 3038 Gnonrr
538 2969 576 3030 ad
599 2967 783 3030 ludovicum
801 2967 1012 3042 camerarium,
1035 2971 1145 3041 regine
1166 2971 1276 3032 Srectm
1299 2971 1377 3047 apud
1396 2971 1525 3032 Ordines
1558 2979 1599 3032 at.
1622 2981 1737 3044 bugum,

176 3093 366 3164 tegetum,
404 3073 554 3154 epistota,
589 3069 619 3126 in
649 3081 708 3142 qua
734 3081 795 3124 non
825 3065 934 3138 credit,
966 3067 1083 3127 Danum
1105 3074 1135 3126 et
1157 3069 1412 3147 inirasmonicos,
1446 3071 1526 3146 quod

164 3199 263 3256 ttore
294 3181 529 3257 impetraturos
552 3182 632 3228 ease.
655 3197 694 3208 ·-
718 3163 848 3238 mdo,
882 3164 911 3226 3.
935 3166 1126 3241 Septembris.
1169 3174 1283 3236 negent·
1305 3177 1385 3226 orout
1406 3177 1524 3240 aptatus

165 3369 410 3436 immersisches
430 3357 611 3414 band-beent.
647 3352 760 3402 Glicist
780 3351 843 3406 1667
861 3353 887 3402 S.
905 3353 1026 3406 lto-tt.
1556 3358 1598 3412 30.
1620 3360 1737 3422 tarsen.

176 3475 365 3538 Hunours
391 3461 511 3520 Gnoru
534 3449 573 3510 ad
594 3447 780 3508 Ludovicum
803 3444 1013 3518 Cenrerarium,
1038 3447 1147 3517 regine
1166 3446 1276 3508 Sveciu
1298 3449 1378 3525 apud
1396 3450 1523 3512 Ordines
1557 3456 1598 3508 31.
1621 3459 1737 3520 augurat.

165 3576 364 3648 legatum,
398 3551 550 3634 epistota,
585 3548 616 3606 in
644 3560 703 3620 qua
725 3542 834 3618 credit,
867 3544 992 3604 uuavos
1024 3561 1127 3620 parum
1155 3546 1186 3604 in
1209 3545 1318 3621 Danie,
1352 3563 1421 3620 rege
1449 3549 1524 3610 tucri

166 3671 409 3740 nromoturoe
435 3667 518 3714 ease.
543 3679 580 3690 -
603 3644 737 3712 Lutetioe,
772 3640 819 3702 10.
844 3642 1026 3718 Septembris
1049 3645 1117 3702 novi
1140 3644 1260 3704 Celend.
1306 3653 1419 3715 ungente
1442 3654 1521 3704 oretu

168 3769 359 3924 [Imbria.
387 3839 441 3902 1v.
465 3829 586 3892 tiilader
607 3825 680 3884 iens
702 3823 801 3898 Bang,
832 3839 898 3883 som
927 3825 1000 3884 aiter
1023 3827 1068 3882 sin
1092 3825 1221 3886 Hustrus
1243 3826 1310 3886 Ded
1333 3829 1421 3902 ingen
1444 3846 1522 3890 naere
1556 3833 1579 3885 4.
1598 3835 1695 3897 septbr.

170 3952 336 4023 mdeies
368 3946 403 4002 at
432 3931 514 4012 nyde
545 3925 619 4002 godi
647 3923 679 3982 ei
699 3922 772 3981 Boet
798 3923 830 3980 tit
858 3938 934 3996 egen
962 3924 1091 3998 Handet,
1125 3939 1190 3982 som
1218 3923 1277 3982 han
1304 3925 1442 3986 hidindtit
1469 3929 1523 3988 har

166 4047 377 4140 ,ptembefl
428 4038 519 4094 Wuiii,
537 4034 598 4082 iens
616 4029 684 4089 Bane
703 4028 727 4076 S.
747 4025 867 4080 168-69.

167 4159 384 4228 ΝιοοιΑυε
411 4136 548 4198 Fossrus
571 4120 701 4183 iohanni
724 4118 872 4193 Meursio,
899 4120 992 4179 dextri
1021 4121 1100 4182 renis
1123 4120 1226 4179 dolore
1249 4121 1356 4184 attactu
1378 4131 1407 4184 et
1428 4141 1521 4204 puru-
1554 4129 1578 4181 t.
1597 4129 1693 4192 Septur.

167 4247 362 4325 eddenti,
407 4226 635 4296 medicamenta
667 4217 802 4294 quedam
840 4221 1021 4278 transmittit.
1055 4251 1091 4262 -
1125 4221 1256 4294 uasere,
1297 4225 1344 4282 iv.
1373 4225 1520 4300 Septemb.

167 4451 295 4511 Rufio
332 4409 516 4486 Gnosius's
540 4398 689 4464 Sirrvelse
711 4398 743 4458 td
766 4398 842 4458 huns
865 4400 975 4476 Svoger
994 4399 1243 4480 Bergersbergen,
1265 4404 1350 4464 hvon
1373 4406 1431 4464 ben
1455 4423 1520 4468 em·
1554 4408 1577 4460 6.
1596 4408 1693 4470 Septbr.

168 4567 208 4611 ω
244 4519 420 4600 &errandi
446 4505 543 4571 Zobai
567 4503 621 4560 bar
642 4496 794 4570 modtaget
817 4500 864 4557 sin
888 4500 950 4559 bun
973 4501 1005 4562 at
1024 4499 1061 4558 de
1083 4501 1201 4562 transire
1220 4501 1464 4579 Subsidiepenge.
1482 4537 1520 4548 -

168 4635 313 4712 Μελ.)
363 4621 473 4677 erodet.
493 4617 501 4662 t
521 4607 617 4660 Brandt
639 4615 670 4664 οε
693 4601 877 4665 (intinctorum
904 4605 965 4656 ittet.
988 4619 1035 4658 ran
1060 4608 1102 4656 bet
1123 4605 1204 4658 berse
1229 4607 1273 4657 dar
1291 4608 1384 4662 tieeren
1404 4610 1467 4672 iintg
1490 4611 1521 4658 de

168 4825 363 4898 {neonus
397 4801 514 4860 Gaetu
544 4782 582 4844 ud
609 4777 798 4888 ioacbimum
826 4778 1026 4840 camerarium
1055 4780 1194 4856 epistola,
1229 4782 1258 4840 in
1292 4800 1350 4856 que
1380 4783 1519 4858 ostendit,
1554 4783 1576 4836 i.
1595 4785 1692 4848 septbr,

171 4937 243 5001 dis
288 4920 378 4979 non
410 4892 529 4972 optime
558 4879 722 4948 volentem,
752 4891 782 4934 m
805 4878 906 4937 Gallos
935 4887 1032 4938 tumen
1061 4879 1153 4938 multo
1183 4880 1359 4959 iniquiorem
1382 4897 1460 4942 esse.
1484 4917 1520 4926 -

169 5026 307 5103 ubriss·
374 4999 497 5064 ungente
517 4987 599 5041 Gratti
616 4981 736 5051 Epistola
754 4981 819 5037 1687
836 4984 861 5034 s,
881 4983 936 5036 564,
