4548 5588
263 675 303 725 20.
323 673 391 721 Febr.

262 983 302 1034 25.
322 984 392 1031 Febr.

575 671 699 733 *troci
744 673 777 730 ll.
800 673 899 730 lenos
922 673 942 729 l.
965 669 997 729 al
1016 669 1149 740 England
1170 667 1262 726 heder
1278 667 1311 724 ll.
1330 667 1399 724 Chr.
1419 667 1464 724 lv.
1488 683 1536 725 cm
1560 671 1589 724 at
1610 669 1727 724 formae
1745 663 1835 723 Ruri.
1856 665 1894 722 nl
1910 662 2098 722 Sachscu

426 774 458 831 til
492 780 521 830 at
553 777 650 844 naegte
684 773 730 828 siu
763 770 945 838 Tilslutnina
977 768 1008 826 til
1041 765 1494 840 Ptatzturiyrstcverdtgnedeus
1523 764 1742 836 Overdragelse
1777 763 1811 820 til
1848 763 2003 821 Buiern.
2048 795 2098 804 —

433 873 551 940 Weslm.‚
575 869 623 929 20.
646 869 714 927 Feb.
759 869 872 936 (teatin.)
915 874 970 922 Udi.
989 885 1011 934 p.
1030 873 1093 931 eng.
1112 874 1119 918 l
1137 871 1241 930 morey,
1260 871 1357 918 Second
1376 868 1468 930 liepcrt
1486 869 1510 918 S.
1530 869 1567 920 17.

575 983 698 1043 ’12062
742 983 888 1040 torenna
912 982 1082 1038 llusnonrrr
1105 979 1140 1036 ad
1166 977 1346 1036 ludovicum
1370 978 1571 1036 camerarium
1596 977 1735 1052 epistola,
1760 977 1791 1034 in
1819 991 1887 1050 qua
1914 991 2098 1033 comme-

427 1091 532 1156 morat,
555 1082 720 1140 Robertnm
739 1080 978 1152 dnstrutlrerum,
1001 1078 1130 1148 legatum
1154 1075 1191 1132 ad
1210 1077 1326 1133 Danum
1349 1081 1378 1132 et
1396 1075 1471 1131 alios
1489 1076 1643 1149 principes
1661 1075 1837 1133 Germanica
1858 1074 2098 1133 destinatum

428 1183 510 1239 circa
532 1185 691 1254 apparatus
714 1177 750 1235 ad
773 1178 953 1246 legationem
976 1177 1166 1233 necessarios
1190 1177 1368 1246 occupatum
1392 1187 1459 1228 esse
1482 1179 1511 1229 et
1534 1173 1592 1230 sibi
1615 1173 1810 1246 persuadere,
1838 1189 1876 1230 se
1904 1187 1987 1230 non
2019 1177 2097 1230 tam
2180 1207 2186 1220 ·

428 1281 529 1352 Danu,
558 1293 642 1352 qvam
671 1275 811 1334 omnibus
839 1275 1024 1347 principibus
1054 1271 1304 1346 protestantibus,
1332 1275 1364 1328 ut
1385 1283 1466 1328 arma
1488 1276 1622 1343 sument,
1651 1285 1879 1345 persuasurum
1907 1287 2017 1330 esse.
2049 1303 2096 1314 —

430 1379 476 1436 Vt.
499 1377 554 1435 lai.
579 1377 663 1434 Muri.
707 1381 787 1437 llahn,
808 1380 930 1428 Collectlo
949 1383 1172 1425 monumentorum
1191 1376 1207 1423 l.
1225 1374 1346 1426 944-00

576 1487 699 1548 *troas
744 1487 838 1545 Ninus
861 1488 995 1543 Snrnnen
1017 1485 1154 1542 erllaerer
1176 1489 1205 1540 at
1226 1499 1301 1540 vere
1324 1483 1355 1539 E.
1379 1483 1455 1539 llrne
1477 1481 1538 1542 600
1562 1481 1644 1540 lldlr.
1670 1482 1801 1557 skyldig‚
1827 1500 1872 1555 og
1901 1484 1989 1544 hvis
2021 1486 2099 1544 han

429 1590 525 1649 lindos
553 1587 674 1647 dermed
701 1584 921 1654 lorscmmalig‚
955 1583 1008 1639 liar
1036 1583 1066 1638 L.
1090 1582 1209 1639 Slinkcl
1236 1581 1387 1655 lorpliglet
1414 1581 1460 1653 sig
1489 1581 1519 1637 til
1547 1585 1577 1638 at
1599 1579 1746 1650 inddragc
1769 1583 1779 1636 i
1804 1579 1975 1656 indlager
2005 1585 2101 1643 ellac

429 1689 461 1746 til
489 1692 519 1746 at
545 1688 640 1744 aletae
668 1685 699 1742 E.
724 1685 799 1742 Urne
827 1680 995 1751 Jordagods
1025 1680 1055 1736 til
1083 1677 1228 1749 evindclig
1252 1677 1315 1754 Eje.
1349 1710 1385 1718 -
1420 1677 1468 1738 26.
1492 1677 1575 1736 Febr.
1631 1684 1686 1733 tlut.
1706 1687 1714 1732 i
1734 1686 1851 1743 nausa,
1879 1687 1943 1736 tren
1971 1689 2101 1738 daneta

430 1787 557 1834 Paritercts
576 1784 637 1830 llist.
657 1783 681 1829 S.
699 1780 755 1832 363.
1484 1790 1488 1798 ·

577 1879 702 1941 *tuost
746 1880 885 1970 Hucorus
913 1879 1022 1935 Gnorrr
1055 1874 1091 1932 ad
1124 1875 1268 1932 loannem
1299 1876 1448 1946 Grotium,
1488 1875 1695 1964 consiliarium
1730 1877 1860 1934 comitis
1900 1877 2100 1955 Hohenlo,

429 1983 566 2058 epistola,
589 1981 618 2037 in
642 1995 701 2052 qua
723 1977 835 2046 scribit,
859 1974 1041 2034 Cimbricum
1064 1973 1216 2044 negotium
1239 1973 1280 2030 ita
1302 1972 1527 2046 temperandum
1550 1987 1630 2046 aesc,
1654 1974 1768 2046 nequid
1794 1991 1812 2032 a
1831 1991 1871 2032 se
1894 1977 2101 2052 proficisci

429 2080 572 2154 rideatur,
601 2093 692 2152 quum
719 2090 843 2134 recusor
866 2073 1034 2131 contrarius
1057 2069 1115 2129 sibi
1138 2071 1262 2130 Lutetiis
1284 2070 1367 2129 valde
1389 2085 1499 2127 nocere
1522 2075 1637 2144 posset.
1661 2103 1700 2112 —
1723 2071 1862 2143 Lutetiae,
1892 2072 1929 2133 Ἰ.
1954 2075 2100 2136 Martii,

430 2177 545 2238 lingonis
565 2175 643 2223 Grotll
663 2172 782 2234 Epistola
801 2169 866 2221 1687
883 2170 908 2218 S.
927 2167 982 2219 774.

577 2269 701 2332 *tudun
746 2270 879 2345 Epistola
901 2269 1037 2326 Cascam
1059 2266 1249 2324 Brnruonrnr
1277 2265 1313 2323 ad
1337 2265 1510 2337 sigurdum
1533 2265 1656 2326 orobba
1682 2281 1818 2341 quacum
1845 2271 1876 2327 ci
1906 2273 2100 2347 scriptum

435 2375 487 2432 ide
510 2389 567 2432 aere
590 2369 740 2446 pestilenti
770 2365 948 2437 corrigendo
976 2365 1152 2423 consilium·
1182 2364 1288 2422 iterum
1316 2363 1426 2422 editum
1455 2363 1552 2422 mittit.
1581 2395 1618 2406 -
1648 2364 1786 2440 Hosna'oe,
1820 2365 1852 2426 3.
1881 2369 1954 2429 kal.
1987 2372 2100 2433 Mart,

431 2470 568 2519 Barthollnl
587 2469 658 2516 Cirta
676 2466 773 2514 medica
792 2463 816 2511 S.
834 2461 971 2514 204-205.

578 2565 703 2626 *12066
747 2565 891 2622 lorcnnu
919 2563 1091 2620 Rusnonrrr
1120 2561 1155 2618 ad
1184 2559 1365 2618 ludovicum
1394 2559 1595 2618 Communium
1625 2562 1772 2636 epistola,
1806 2563 1839 2620 in
1873 2581 1949 2639 qua
1988 2585 2100 2629 com.

432 2671 591 2736 memorat,
626 2680 658 2722 se
686 2662 867 2734 intelligere,
899 2660 1031 2718 libellum
1054 2655 1204 2717 Monachii
1232 2655 1379 2731 prodiisse
1408 2673 1476 2716 cum
1504 2658 1560 2716 hac
1589 2660 1809 2734 inscriptione:
1852 2661 2101 2726 »informatio

433 2761 596 2824 llusdorliii
625 2762 661 2820 ad
683 2760 878 2818 Palatinarum
906 2757 942 2814 de
970 2758 1117 2828 legatione
1145 2756 1308 2813 electorum
1331 2759 1359 2811 et
1381 2755 1549 2830 principum
1572 2756 1859 2820 confoederatorum
1887 2763 1935 2820 ad
1965 2782 2101 2838 regem

432 2865 564 2924 [lanian.
589 2893 626 2902 -
650 2859 785 2928 londini,
808 2855 884 2913 Prid.
908 2855 963 2912 kal.
987 2853 1092 2914 Martii.
1137 2859 1215 2917 llalrn,
1233 2859 1355 2909 collectio
1375 2864 1599 2909 monumentorum
1618 2861 1635 2908 l.
1654 2860 1780 2912 953-56.

579 2972 704 3034 *tuost
747 2973 893 3030 Joncnrnr
916 2969 1087 3027 llusnonrrr
1109 2967 1145 3025 ad
1169 2967 1350 3026 ludovicum
1375 2967 1575 3028 camerarium
1600 2969 1740 3044 epistola,
1767 2971 1800 3029 in
1825 2989 1894 3048 qua
1922 2992 2100 3041 comme·

434 3080 538 3147 morat,
561 3089 593 3132 se
617 3071 850 3140 demonstrasse,
874 3083 974 3138 regem
992 3066 1104 3135 lnglia
1124 3067 1286 3139 presertim
1310 3065 1368 3122 hoo
1391 3071 1534 3140 tempore,
1558 3083 1617 3139 quo
1637 3068 1725 3142 Dani,
1750 3070 1842 3128 Sveci
1867 3078 1906 3130 et
1933 3076 2100 3140 aliorum

432 3173 660 3250 protestantium
685 3169 827 3227 societate
851 3179 928 3239 opus
952 3163 1073 3237 hubent,
1104 3163 1217 3221 Polouo
1240 3165 1301 3236 regi
1326 3164 1354 3220 in
1378 3179 1470 3234 regno
1494 3179 1550 3222 suo
1575 3165 1686 3224 milites
1711 3168 1956 3232 conscribendi
1986 3185 2101 3254 pote.

434 3277 538 3329 statem
562 3268 632 3326 dare
655 3283 716 3324 nou
739 3263 857 3322 debere.
881 3295 918 3302 —
941 3261 1075 3332 hundini,
1101 3261 1146 3319 lV.
1165 3261 1241 3320 Nou.
1261 3261 1345 3319 Mart.
1388 3268 1468 3324 nana,
1486 3269 1609 3317 Collaetto
1629 3277 1868 3321 monumentorum
1892 3275 1914 3324 r,
1938 3280 2101 3338 956—50.

579 3379 704 3442 *12060
749 3379 782 3437 Κ.
806 3378 885 3464 Cum
907 3375 982 3434 lV.'s
1006 3375 1138 3446 Belaliug
1161 3376 1192 3432 til
1214 3376 1358 3450 Bisperne
1387 3391 1435 3432 om
1458 3375 1632 3434 Alholdelse
1655 3379 1688 3435 ul
1706 3379 1956 3444 Talrlrebonner
1986 3391 1999 3446 i
2029 3395 2101 3452 alle

434 3483 575 3542 llirlrerne
598 3481 644 3538 ior
661 3476 853 3553 Opdugclscu
877 3475 908 3532 al
927 3475 1040 3532 Pavcns
1061 3473 1169 3546 llnslag
1193 3488 1249 3546 peu
1270 3477 1299 3530 et
1320 3472 1507 3548 gjeuindiore
1529 3474 1565 3532 de
1588 3475 1686 3548 gemla
1699 3477 1913 3540 Vildlarelscr
1942 3487 1954 3542 i
1986 3488 2103 3564 Rigor

434 3585 511 3640 samt
532 3580 578 3636 lor
601 3576 715 3635 Fundet
737 3574 769 3632 ai
788 3573 918 3631 Solvarts
945 3588 983 3644 og
1006 3571 1093 3630 Malm
1122 3571 1262 3642 iNorge.
1292 3603 1328 3612 -
1357 3571 1421 3627 Vort
1439 3570 1514 3628 Slott
1535 3572 1760 3646 litodtaqloffir,
1798 3577 1862 3636 dcn
1888 3579 1926 3640 6.
1957 3583 2101 3650 Martii,

434 3677 550 3732 ilerdam,
570 3673 708 3722 ilistorlslre
728 3669 899 3718 lllldeslrrlltcr
916 3667 944 3715 ll.
963 3667 1018 3718 726.

581 3769 705 3832 *ludos
750 3770 830 3828 Hert.
854 3769 1023 3826 Cnnrsrrnn
1046 3765 1103 3825 den
1126 3766 1223 3838 Yngrc
1246 3767 1277 3824 ai
1297 3766 1547 3837 Braunschweigs
1576 3769 1694 3828 lustrur
1724 3771 1773 3829 ior
1802 3775 1845 3832 sit
1874 3776 2090 3848 Sendebud

433 3873 686 3932 Overlraemmerer
709 3866 851 3926 Heinrich
873 3866 1054 3937 Wernackc‚
1083 3865 1115 3922 til
1137 3865 1335 3938 Domlapitlct
1362 3867 1371 3922 i
1393 3864 1597 3938 Helberstadt‚
1626 3867 1713 3926 hvori
1743 3871 1806 3928 heu
1831 3875 2028 3959 erklaerer,
2065 3837 2103 3947 αἱ

434 3971 492 4029 hau
521 3968 558 4026 vil
587 3974 652 4040 lage
681 3968 728 4024 siu
756 3963 893 4034 endeligc
921 3963 1100 4032 liesluining
1129 3978 1195 4035 ang.
1219 3962 1331 4021 Stiitets
1354 3963 1551 4035 Resignatiou
1579 3965 1655 4024 aner
1678 3966 1895 4044 Forhandling
1932 3983 2029 4042 med
2059 3985 2100 4046 Κ.

434 4069 466 4126 ai
489 4066 649 4125 Dsnmark.
677 4093 716 4106 --
743 4061 793 4120 Ins
819 4060 1004 4134 Gmoenlrap,
1041 4075 1088 4118 am
1117 4055 1164 4136 ᾖ.
1188 4059 1293 4118 Martii.
1348 4059 1475 4134 l'l'ydslr.l
1528 4069 1596 4118 lteue
1618 4069 1817 4133 llittlrellungen
1842 4081 1896 4126 etc.
1926 4095 1995 4135 von
2027 4092 2102 4142 dem

433 4161 658 4222 Thurina-sicin.
678 4161 775 4208 Vareln.
794 4157 977 4208 1111126-27.

582 4258 706 4320 *lautu
750 4257 935 4328 Hertuginde
957 4257 1100 4314 ducusra
1124 4255 1156 4312 ai
1175 4255 1288 4326 Slesvig
1311 4269 1350 4326 og
1373 4256 1497 4314 Holstcn
1520 4258 1681 4334 tancmer,
1712 4265 1743 4318 at
1766 4262 1833 4323 hun
1858 4267 1896 4324 til
1911 4251 2104 4348 'lngewflr

435 4363 573 4437 danica,
596 4361 709 4431 Borger
731 4359 740 4414 i
763 4357 843 4431 Byen
868 4355 994 4427 lineum,
1017 4353 1071 4412 har
1093 4352 1172 4425 solgt
1193 4354 1239 4410 ior
1261 4351 1341 4412 2000
1359 4355 1566 4428 Specie-Rdlr.
1585 4357 1701 4416 Laudat
1724 4360 1733 4416 i
1758 4359 1941 4427 Hatstaidcr
1973 4381 2102 4448 gamin

434 4461 549 4530 Marslr,
585 4456 685 4517 lraldct
706 4455 856 4530 Speclring
879 4467 918 4524 og
941 4452 1134 4525 Withvcnue,
1163 4466 1227 4509 som
1251 4451 1312 4508 hun
1335 4451 1396 4508 selv
1418 4451 1511 4510 harde
1534 4454 1618 4528 lrjelu
1640 4456 1672 4514 af
1692 4455 1779 4516 Hans
1803 4461 1920 4525 adolff
1946 4470 2101 4553 Hoyers

435 4557 614 4616 Kredilorer.
639 4585 676 4595 -—
700 4554 823 4622 Hostum,
854 4551 882 4608 d.
905 4549 934 4610 8.
957 4549 1063 4608 Martii.
1106 4554 1178 4608 tara.
1197 4555 1300 4602 Semml.
1319 4555 1471 4604 llusumrch.
1491 4557 1658 4608 ltrehrlclrten
1678 4561 1707 4610 ll.
1728 4563 1855 4618 145-47,

584 4651 708 4713 ’12071
752 4651 819 4708 Jon.
848 4650 942 4707 lsrcu
970 4647 1104 4705 Ponrrru
1137 4645 1264 4719 epistola
1291 4647 1460 4706 Christiano
1489 4649 1578 4724 Friis,
1612 4655 1769 4727 toparcha
1805 4658 1844 4716 de
1883 4663 2090 4754 Cragerup

436 4754 539 4812 Dacia
561 4753 642 4822 regis
665 4749 859 4822 cancellario,
895 4762 953 4805 una
976 4761 1044 4804 cum
1068 4745 1213 4817 Procopio
1237 4743 1340 4803 Graco
1363 4746 1470 4819 missa,
1504 4747 1540 4805 de
1563 4765 1655 4825 opere
1679 4767 1737 4810 suo
1762 4755 1909 4820 historiae
1940 4725 2102 4839 Damna}

436 4857 467 4909 et
487 4850 524 4909 de
547 4849 675 4908 oonsilio
697 4847 868 4922 nuptiarum
891 4845 967 4903 inter
989 4842 1153 4916 principem
1170 4841 1269 4900 Vallia
1291 4847 1320 4900 et
1342 4856 1477 4902 sororem
1499 4849 1580 4918 regis
1604 4847 1770 4925 Hispania.
1796 4885 1836 4896 -
1862 4858 2092 4936 Harma.

436 4948 509 5008 XIX.
531 4946 617 5009 Mart.
660 4953 687 5001 Α.
705 4953 794 5001 Alelatl
812 4949 924 5013 Epistola
944 4947 1007 4999 1695
1026 4947 1049 4995 S.
1068 4943 1204 4997 003-000.
2091 4924 2101 4956 ’
